@inproceedings{wadler1989theorems,
  title={Theorems for free!},
  author={Wadler, Philip},
  booktitle={Proceedings of the fourth international conference on Functional programming languages and computer architecture},
  pages={347--359},
  year={1989}
}

@inproceedings{Reynolds1983TypesAA,
  title={{Types, Abstraction and Parametric Polymorphism}},
  author={Reynolds, John C.},
  booktitle={IFIP Congress},
  year={1983}
}


@book{typesprogramming,
author = {Pierce, Benjamin C.},
title = {Types and Programming Languages},
year = {2002},
isbn = {0262162091},
publisher = {The MIT Press},
edition = {1st},
}

@inproceedings{reynolds1974towards,
  title={{Towards a Theory of Type Structure}},
  author={Reynolds, John C.},
  booktitle={Programming Symposium},
  pages={408--425},
  year={1974},
  organization={Springer}
}

@phdthesis{girard1972interpretation,
  title={Interpr{\'e}tation fonctionnelle et {\'e}limination des coupures de l'arithm{\'e}tique d'ordre sup{\'e}rieur},
  author={Girard, Jean-Yves},
  year={1972},
  school={{\'E}diteur inconnu}
}

@InProceedings{polymorphismnotset,
author="Reynolds, John C.",
editor="Kahn, Gilles
and MacQueen, David B.
and Plotkin, Gordon",
title={{Polymorphism is not Set-Theoretic}},
booktitle="Semantics of Data Types",
year="1984",
publisher="Springer Berlin Heidelberg",
address="Berlin, Heidelberg",
pages="145--156",
isbn="978-3-540-38891-3"
}

@article{plotkin1973lambda,
title={{Lambda-Definability and Logical Relations}},
author={Plotkin, Gordon D},
journal={Memorandum SAI-RM},
volume={4},
year={1973}
}

@article{tait1967intensional,
title={{Intensional Interpretations of Functionals of Finite Type I}},
author={Tait, William W},
journal={The Journal of Symbolic Logic},
volume={32},
number={2},
pages={198--212},
year={1967},
publisher={JSTOR}
}

@article{skorstengaard2019introduction,
title={{An Introduction to Logical Relations}},
author={Skorstengaard, Lau},
journal={arXiv preprint arXiv:1907.11133},
year={2019}
}

@article{typeclasses,
  author = {Wadler, Philip and Blott, Stephen},
  year = {1997},
  month = {08},
  pages = {},
  title = {{How to Make Ad-Hoc Polymorphism Less Ad Hoc}},
  doi = {10.1145/75277.75283}
}

@article{voigtlander2009free,
title={{Free Theorems Involving Type Constructor Classes: Functional Pearl}},
author={Voigtl{\"a}nder, Janis},
journal={ACM Sigplan Notices},
volume={44},
number={9},
pages={173--184},
year={2009},
publisher={ACM New York, NY, USA}
}

@book{girard1989proofs,
title={{Proofs and Types}},
author={Girard, Jean-Yves and Taylor, Paul and Lafont, Yves},
volume={7},
year={1989},
publisher={Cambridge university press}
}

@InProceedings{10.1007/BFb0037118,
author="Plotkin, Gordon
and Abadi, Mart{\'i}n",
editor="Bezem, Marc
and Groote, Jan Friso",
title={{A Logic for Parametric Polymorphism}},
booktitle="Typed Lambda Calculi and Applications",
year="1993",
publisher="Springer Berlin Heidelberg",
address="Berlin, Heidelberg",
pages="361--375",
isbn="978-3-540-47586-6"
}

@article{10.1145/504709.504712,
  author = {Appel, Andrew W. and McAllester, David},
  title = {{An Indexed Model of Recursive Types for Foundational Proof-Carrying Code}},
  year = {2001},
  issue_date = {September 2001},
  publisher = {Association for Computing Machinery},
  address = {New York, NY, USA},
  volume = {23},
  number = {5},
  issn = {0164-0925},
  url = {https://doi.org/10.1145/504709.504712},
  journal = {ACM Trans. Program. Lang. Syst.},
  month = sep,
  pages = {657â€“683},
  numpages = {27}
}

@article{bernardy2012proofs,
title={{Proofs for Free -- Parametricity for Dependent Types}},
author={Bernardy, Jean-Philippe and Jannson, P and Paterson, RA},
journal={Journal of Functional Programming},
volume={22},
number={2},
pages={107--152},
year={2012},
publisher={Cambridge University Press}
}

@inproceedings{huffman2013lifting,
title={{Lifting and Transfer: A Modular Design for quotients in Isabelle/HOL}},
author={Huffman, Brian and Kun{\v{c}}ar, Ond{\v{r}}ej},
booktitle={International Conference on Certified Programs and Proofs},
pages={131--146},
year={2013},
organization={Springer}
}

@article{tabareau2021marriage,
title={{The Marriage of Univalence and Parametricity}},
author={Tabareau, Nicolas and Tanter, {\'E}ric and Sozeau, Matthieu},
journal={Journal of the ACM (JACM)},
volume={68},
number={1},
pages={1--44},
year={2021},
publisher={ACM New York, NY, USA}
}

@article{ahmed2017theorems,
title={Theorems for Free for Free: Parametricity, with and without Types},
author={Ahmed, Amal and Jamner, Dustin and Siek, Jeremy G and Wadler, Philip},
journal={Proceedings of the ACM on Programming Languages},
volume={1},
number={ICFP},
pages={1--28},
year={2017},
publisher={ACM New York, NY, USA}
}

@article{jung2018iris,
title={Iris from the ground up: A modular foundation for higher-order concurrent separation logic},
author={Jung, Ralf and Krebbers, Robbert and Jourdan, Jacques-Henri and Bizjak, Ale{\v{s}} and Birkedal, Lars and Dreyer, Derek},
journal={Journal of Functional Programming},
volume={28},
year={2018},
publisher={Cambridge University Press}
}


